<?xml version="1.0" encoding="UTF-8"?><collection xmlns="http://www.loc.gov/MARC21/slim"><record><leader>00435nam--2200157-i-4500</leader><controlfield tag="001">000000364</controlfield><controlfield tag="002">20161230</controlfield><controlfield tag="005">20170102171142</controlfield><controlfield tag="008">060222s1000------------r-----000-0-eng-d</controlfield><datafield ind1=" " ind2=" " tag="100"><subfield code="a">Fry, William J</subfield></datafield><datafield ind1=" " ind2=" " tag="245"><subfield code="a">Design of crystal vibrating systems for projectors and other applications</subfield></datafield><datafield ind1=" " ind2=" " tag="260"><subfield code="a">New York</subfield><subfield code="b">Dover Publications</subfield></datafield><datafield ind1=" " ind2=" " tag="300"><subfield code="a">VIII + 182 p</subfield></datafield><datafield ind1=" " ind2=" " tag="700"><subfield code="a">Taylor, John M</subfield></datafield><datafield ind1=" " ind2=" " tag="852"><subfield code="a">10266</subfield></datafield><datafield ind1=" " ind2=" " tag="CAT"><subfield code="a">SYS</subfield><subfield code="c">20170102</subfield><subfield code="h">171142</subfield></datafield></record></collection>